@UNPUBLISHED{DM,
  author="Johan Dupont and Ib Madsen",
  title="Noter til Geometri",
  note="Lecture notes, available on request",
  year="2007",
}
@UNPUBLISHED{Fje,
  author="Jens Fjelstad",
  title="Notes on Topology; Lecture notes for Basic Topology 2014",
  note="Lecture notes",
  year="2014",
}
@Book{Hat,
    Author = {Allen {Hatcher}},
    Title = {{Algebraic topology.}},
    ISBN = {0-521-79540-0/pbk},
    Pages = {xii + 544},
    Year = {2002},
    Publisher = {Cambridge: Cambridge University Press},
    Language = {English},
    MSC2010 = {55-01 55Nxx 55Pxx 55Qxx},
    Zbl = {1044.55001}
}
@Book{Mun,
    Author = {James R. {Munkres}},
    Title = {{Topology. 2nd ed.}},
    Edition = {2nd ed.},
    ISBN = {0-13-181629-2},
    Pages = {xvi + 537},
    Year = {2000},
    Publisher = {Upper Saddle River, NJ: Prentice Hall},
    Language = {English},
    MSC2010 = {54-01 55-01},
    Zbl = {0951.54001}
}
@Book{SS,
    Author = {Lynn Arthur {Steen} and {Seebach}, Jr., J.Arthur},
    Title = {{Counterexamples in topology.}},
    Year = {1970},
    Language = {English},
    HowPublished = {{New York etc.: Holt, Rinehart and Winston, Inc., XIII, 210 p. (1970).}},
    MSC2010 = {54-02 54G20},
    Zbl = {0211.54401}
}
